@article{hanna2017dishonesty,
  title={Dishonesty and selection into public service: Evidence from India},
  author={Hanna, Rema and Wang, Shing-Yi},
  journal={American Economic Journal: Economic Policy},
  volume={9},
  number={3},
  pages={262--90},
  year={2017}
}

@article{golden2003electoral,
  title={Electoral connections: the effects of the personal vote on political patronage, bureaucracy and legislation in postwar Italy},
  author={Golden, Miriam A},
  journal={British journal of political science},
  pages={189--212},
  year={2003},
  publisher={JSTOR}
}

@article{robinson2013political,
  title={The political economy of clientelism},
  author={Robinson, James A and Verdier, Thierry},
  journal={The Scandinavian Journal of Economics},
  volume={115},
  number={2},
  pages={260--291},
  year={2013},
  publisher={Wiley Online Library}
}

@article{dal2017becomes,
  title={Who becomes a politician?},
  author={Dal B{\'o}, Ernesto and Finan, Frederico and Folke, Olle and Persson, Torsten and Rickne, Johanna},
  journal={The Quarterly Journal of Economics},
  volume={132},
  number={4},
  pages={1877--1914},
  year={2017},
  publisher={Oxford University Press}
}